@article {test1,
AUTHOR = {LastName1, FirstName1},
TITLE = {A long title that says nothing interesting},
JOURNAL = {Big journal},
VOLUME = {1},
YEAR = {1111},
NUMBER = {1},
PAGES = {1--111},
keywords={fstcat}
 }

@article {test2,
AUTHOR = {LastName2, FirstName2},
TITLE = {A long title that says nothing interesting again},
JOURNAL = {Very Big journal},
VOLUME = {1},
YEAR = {1111},
NUMBER = {1},
PAGES = {1--111},
keywords={sndcat}
 }