@book{matousek,
	title={Invitation to Discrete Mathematics},
	year = {2009},
	author={Matou\v{s}ek, Ji\v{r}\'{i} and Ne\v{s}et\v{r}il, J},
	publisher={Oxford University Press},
	keywords={book}
}

@article{vilfred,
	author        = {Vilfred Kamalappan, V.},
	title         = {The four color theorem: a new proof by induction},
	year          = {2017},
	keywords={paper}
}

@book{fritsch,
	title={The Four-Color Theorem: History, Topological Foundations, and Idea of Proof. Translated by Julie Peschke},
	author={Fritsch, Rudolf and Fritsch, Gerda},
	year={1998},
	publisher={Springer},
	keywords={book}
}
